<record><leader>00000cas a22000007a 4500</leader><controlfield tag="001">11165357</controlfield><controlfield tag="008">840918d190019uuwiuwr ne      0   a0eng d</controlfield><datafield ind1=" " ind2=" " tag="010"><subfield code="a">sn 84006996 </subfield></datafield><datafield ind1=" " ind2=" " tag="040"><subfield code="a">NSD</subfield><subfield code="b">eng</subfield><subfield code="c">NSD</subfield><subfield code="d">NPV</subfield><subfield code="d">NSD</subfield><subfield code="d">OCLCQ</subfield></datafield><datafield ind1=" " ind2=" " tag="012"><subfield code="j">0</subfield><subfield code="l">1</subfield><subfield code="m">d</subfield></datafield><datafield ind1="1" ind2=" " tag="022"><subfield code="a">0749-7032</subfield><subfield code="l">0749-7032</subfield><subfield code="2">1</subfield></datafield><datafield ind1=" " ind2=" " tag="037"><subfield code="b">Clear Lake Star, 350 Fifth St., P.O. Box 16, Clear Lake, WI 54005</subfield></datafield><datafield ind1=" " ind2=" " tag="042"><subfield code="a">nsdp</subfield><subfield code="a">msc</subfield></datafield><datafield ind1=" " ind2=" " tag="045"><subfield code="a">x0--</subfield></datafield><datafield ind1=" " ind2=" " tag="052"><subfield code="a">4123</subfield><subfield code="b">P6</subfield></datafield><datafield ind1=" " ind2="4" tag="222"><subfield code="a">The Clear Lake star</subfield></datafield><datafield ind1="0" ind2="4" tag="245"><subfield code="a">The Clear Lake star.</subfield></datafield><datafield ind1="1" ind2="3" tag="246"><subfield code="a">Star</subfield></datafield><datafield ind1=" " ind2=" " tag="260"><subfield code="a">Clear Lake, Wis. :</subfield><subfield code="b">D.I. Hammergren</subfield></datafield><datafield ind1=" " ind2=" " tag="300"><subfield code="a">v. :</subfield><subfield code="b">ill.</subfield></datafield><datafield ind1=" " ind2=" " tag="310"><subfield code="a">Weekly</subfield></datafield><datafield ind1="1" ind2=" " tag="362"><subfield code="a">Began in 1900.</subfield><subfield code="z">Cf. Oehlerts, d. E. Guide to Wis. newspapers.</subfield></datafield><datafield ind1=" " ind2=" " tag="500"><subfield code="a">Publisher varies.</subfield></datafield><datafield ind1=" " ind2=" " tag="500"><subfield code="a">Editors: F.H. Parker, Aug. 6, 1924-&lt;April 15, 1925&gt;; F.L. Rothgeber, &lt;April 29, 1925&gt;-June 8, 1932; D. Pittman, Jan. 4, 1962-May 4, 1967; D. Buhr, May 11, 1967-Dec. 28, 1967; W.K. Smith, Nov. 23, 1978-</subfield></datafield><datafield ind1=" " ind2=" " tag="525"><subfield code="a">Supplements accompany some issues.</subfield></datafield><datafield ind1=" " ind2=" " tag="530"><subfield code="a">Available on microfilm from The State Historical Society of Wisconsin.</subfield></datafield><datafield ind1=" " ind2=" " tag="588"><subfield code="a">Description based on: Vol. 10, no. 16 (Jan. 18, 1912).</subfield></datafield><datafield ind1=" " ind2=" " tag="752"><subfield code="a">United States</subfield><subfield code="b">Wisconsin</subfield><subfield code="c">Polk</subfield><subfield code="d">Clear Lake.</subfield></datafield><datafield ind1="0" ind2="0" tag="785"><subfield code="t">Indianhead star</subfield><subfield code="x">1043-6154</subfield><subfield code="w">(DLC)sn 89006286</subfield></datafield><datafield ind1="1" ind2=" " tag="029"><subfield code="a">AU@</subfield><subfield code="b">000025805598</subfield></datafield></record>